@article{
GHT,
author = {Ballard and Brown},
title ={Generalized Hough Transform (GHT)},
note= {http://www.cse.unr.edu/~bebis/CS791E/Notes/GeneralizedHough.pdf }
}
@article{
Viola,
author = {Paul Viola and Michael Jones},
title ={Robust Real-time Object Detection},
note = {\textit{Second International workshop on statistical and computational theories of vision - Modeling Learning, Computing and Sampling}. July 13, 2001},
}
@article{
map,
author = {H.Boujut, J.Benois-Pineau, O.Hadar, T.Ahmed and P.Bonnet},
title ={Weighted-MSE based on Saliency map for assessing video quality of H.264 video streams},
note = {\textit{IS}\& \textit{T / SPIE Electronic Imaging}, January 24, 2011},
}
@article{
mos,
author = {A. Bhat, I. Richardson, and K. Sampath},
title ={A new perceptual quality metric for compressed video},
note = {\textit{IEEE International Conference on Acoustics, Speech and Signal Processing} (ICASSP), pp. 933-936, Apr. 2009.},
}
@article{
track,
author = {Yifan Zhou, Boris Mansencal, Jenny Benois-Pineau},
title ={A Multi-Object Particle Filter Tracking with a Dual Consistency Check:
Application to Mid-Level Concept Detection in Videos},
note = {\textit{International Workshop on Content Based Multimedia Indexing} (CBMI) (June 2010)},
}
@article{
ssim,
author = {Z. Wang, A. C. Bovik, H. R. Sheikh, and E. P. Simoncelli},
title ={Image quality assessment: From error visibility to structural similarity,},
note = {\textit{IEEE Transactions on Image Processing}, vol. 13, no. 4, pp. 600-612, Apr. 2004.},
}